@ONLINE{quora,
	author = {Microsoft},
    title = {Azure},
    year = {2017},
    url = {https://portal.azure.com/}
}

@ONLINE{logz.io,
    title = {Język Access SQL: podstawowe pojęcia, słownictwo i składnia},
	author = {Microsoft},
    year = {2019},
    url = {https://support.office.com/pl-pl/article/jezyk-access-sql-podstawowe-pojecia-slownictwo-i-skladnia-444d0303-cde1-424e-9a74-e8dc3e460671}
}
